@Article{QSRank,
		Author = {X. Zhang, L. Zhang, and H-Y. Shum},
		title = {QsRank: Query-sensitive Hash Code Ranking for Efficient epsilon-neighbor Search},
		journal = {CVPR},
		year = {2012}
}
